@book{lundheim,
  author    = {Lars Lundheim},
  title     = {Sprangrespons til 2. ordens line√¶re system},
}
